%book citing example
%@BOOK{Davidson:2012qr,
%title = {{A}rticle {T}itle},
%	publisher = {Publisher},
%	author = {Smith, J.~M. and Jones, A.~B.},
%	year = {2012},
%	edition = {7th},
%}

%Article citing example
%@ARTICLE{Smith:2013jd,
%	author = {Jones, A.~B. and Smith, J.~M.},
%	title = {{A}rticle {T}itle},
%	journal = {Journal title},
%	year = {2013},
%	volume = {13},
%	pages = {123-456},
%	number = {52},
%	month = {March},
%	publisher = {Publisher}
%}

@ARTICLE{Davidson:2013web,
	author = {Dacidson Helen, A.~B. and Smith, J.~M.},
	title = {{D}ronedelivery {s}ervice {a}ims for take-off in November.},
	journal = {Journal title},
	year = {2013},
	publisher = {Web}
}
[1] Davidson, Helen.	“Dronedelivery service aims for take-off in November.” The	 Gaurdian. October 15, 2013.	http://www.theguardian.com/world/2013/oct/15/dronebook-delivery-service-students
