@book{Package_delivery,
  title={write the title of the paper},
    author={author1_lastname firstname, author2_lastname firstname},
      volume={x},
        year={20xx},
          publisher={ucsc \& NASA}
          }

@book{Hybrid_system_lab,
  title={Hybride Dynamical systmes},
  author=Rafal Goebel, Ricardo G. Sanfelice, Andrew R.Teel},
  year={20xx},
  pages={169 -- 178}
}
%just coppy pasted it from google to use it as an example
@inproceedings{leijen1999domain,
  title={Domain specific embedded compilers},
  author={Leijen, Daan and Meijer, Erik},
  booktitle={ACM Sigplan Notices},
  volume={35},
  number={1},
  pages={109--122},
  year={1999},
  organization={ACM}
}

%an Example to do article reference
@article{krueger1992software,
  title={Software reuse},
  author={Krueger, Charles W},
  journal={ACM Computing Surveys (CSUR)},
  volume={24},
  number={2},
  pages={131--183},
  year={1992},
  publisher={ACM}
}
%refernce from web, but really you can go online to get the latex format of the reference
@misc{ECENews,
	title={Look Ma -- No Hands!},
	author={Sydney Donaldson},
	publisher={University of Arizona, Electrical and Computer Engineering},
	url={http://ece.arizona.edu/look-ma-no-hands},
	year={2015},
	day=11,
	month=aug
}

